<?xml version="1.0" encoding="UTF-8"?><record xmlns="http://www.loc.gov/MARC21/slim" xmlns:cinclude="http://apache.org/cocoon/include/1.0" xmlns:zs="http://www.loc.gov/zing/srw/">
  <leader>00290nz  a2200121n  4500</leader>
  <controlfield tag="001">n  99003767 </controlfield>
  <controlfield tag="003">DLC</controlfield>
  <controlfield tag="005">19990115105028.1</controlfield>
  <controlfield tag="008">990115n| acannaab|          |n aaa |||  </controlfield>
  <datafield tag="010" ind1=" " ind2=" ">
    <subfield code="a">n  99003767 </subfield>
  </datafield>
  <datafield tag="040" ind1=" " ind2=" ">
    <subfield code="a">DLC</subfield>
    <subfield code="c">DLC</subfield>
  </datafield>
  <datafield tag="100" ind1="0" ind2="0">
    <subfield code="a">Sơn Tùng</subfield>
  </datafield>
  <datafield tag="670" ind1=" " ind2=" ">
    <subfield code="a">Trừng phạt, 1990:</subfield>
    <subfield code="b">t.p. (Sơn Tùng)</subfield>
  </datafield>
</record>